<?xml version="1.0" encoding="UTF-8"?><collection xmlns="http://www.loc.gov/MARC21/slim"><record><leader>00604nam--2200217-u-4500</leader><controlfield tag="001">000050394</controlfield><controlfield tag="002">20161230</controlfield><controlfield tag="003">81805</controlfield><controlfield tag="005">20161230201048</controlfield><controlfield tag="008">070223s1000------------r-----000-0-eng-d</controlfield><datafield ind1=" " ind2=" " tag="040"><subfield code="a">IFIN-HH</subfield></datafield><datafield ind1=" " ind2=" " tag="041"><subfield code="a">rum</subfield></datafield><datafield ind1="1" ind2="0" tag="100"><subfield code="a">Acsente Tomy</subfield></datafield><datafield ind1="1" ind2="0" tag="245"><subfield code="a">Contributii la realizarea unei capcane magneto optice in vederea dezvoltarii unui etalon atomic de timp frecventa de tip fantana atomica</subfield></datafield><datafield ind1=" " ind2=" " tag="250"><subfield code="a">Teza de doctorat</subfield></datafield><datafield ind1=" " ind2=" " tag="260"><subfield code="a">Bucuresti</subfield><subfield code="b">Infa</subfield><subfield code="c">2006</subfield></datafield><datafield ind1=" " ind2=" " tag="300"><subfield code="a">145p</subfield></datafield><datafield ind1=" " ind2="4" tag="650"><subfield code="a">etalon atomic</subfield></datafield><datafield ind1="1" ind2=" " tag="700"><subfield code="a">Tomy Acsente</subfield></datafield><datafield ind1=" " ind2=" " tag="852"><subfield code="a">81805</subfield></datafield><datafield ind1=" " ind2=" " tag="CAT"><subfield code="a">Sys</subfield><subfield code="c">20070223</subfield><subfield code="h">112625</subfield></datafield></record></collection>